@article{penman2009web,
  title={Web scraping made simple with sitescraper},
  author={Penman, Richard Baron and Baldwin, Timothy and Martinez, David},
  journal={Penman Web Scraping},
  pages={1--10},
  year={2009},
  publisher={Citeseer}
}

@misc{selenium_documentation_2022,
  title={Selenium Documentation},
  url={https://www.selenium.dev/documentation},
  year={2022},
}

@article{cording2011algorithms,
  title={Algorithms for web scraping},
  author={Cording, Patrick Hagge and Lyngby, K},
  journal={Lyngby: Technical University of Denmark.[Consulta: 14 Junio 2017]},
  year={2011}
}

@article{laender2002brief,
  title={A brief survey of web data extraction tools},
  author={Laender, Alberto HF and Ribeiro-Neto, Berthier A and Da Silva, Altigran S and Teixeira, Juliana S},
  journal={ACM Sigmod Record},
  volume={31},
  number={2},
  pages={84--93},
  year={2002},
  publisher={ACM New York, NY, USA}
}

@misc{md2022cssselectors,
    title={CSS selectors},
    url={https://developer.mozilla.org/en-US/docs/Web/CSS/CSS_Selectors},
    author={MDN},
    year={2022}
}

@misc{md2022xpath,
    title={XPATH},
    url={https://developer.mozilla.org/en-US/docs/Web/XPath},
    author={MDN},
    year={2022}
}

@misc{md2022extensions,
    title={Web Extensions},
    url={https://developer.mozilla.org/en-US/docs/Mozilla/Add-ons/WebExtensions},
    journal={MDN},
    year={2022}
}

@misc{md2022background,
    title={Background scripts},
    url={https://developer.mozilla.org/en-US/docs/Mozilla/Add-ons/WebExtensions/manifest.json/background},
    journal={MDN},
    year={2022}
}

@misc{chrome2022contentscripts,
    title={Content scripts},
    url={https://developer.chrome.com/docs/extensions/mv3/content_scripts/},
    journal={Chrome Developers},
    year={2022}
}

@article{khalil2017rcrawler,
  title={RCrawler: An R package for parallel web crawling and scraping},
  author={Khalil, Salim and Fakir, Mohamed},
  journal={SoftwareX},
  volume={6},
  pages={98--106},
  year={2017},
  publisher={Elsevier}
}

@inproceedings{chaulagain2017cloud,
  title={Cloud based web scraping for big data applications},
  author={Chaulagain, Ram Sharan and Pandey, Santosh and Basnet, Sadhu Ram and Shakya, Subarna},
  booktitle={2017 IEEE International Conference on Smart Cloud (SmartCloud)},
  pages={138--143},
  year={2017},
  organization={IEEE}
}

@article{glez2014web,
  title={Web scraping technologies in an API world},
  author={Glez-Pe{\~n}a, Daniel and Louren{\c{c}}o, An{\'a}lia and L{\'o}pez-Fern{\'a}ndez, Hugo and Reboiro-Jato, Miguel and Fdez-Riverola, Florentino},
  journal={Briefings in bioinformatics},
  volume={15},
  number={5},
  pages={788--797},
  year={2014},
  publisher={Oxford University Press}
}

@article{aggarwal2018modern,
  title={Modern web-development using reactjs},
  author={Aggarwal, Sanchit},
  journal={International Journal of Recent Research Aspects},
  volume={5},
  number={1},
  pages={133--137},
  year={2018}
}

@article{caspers2017react,
  title={React and redux},
  author={Caspers, Matthias Kevin},
  journal={Rich Internet Applications w/HTML and Javascript},
  pages={11},
  year={2017}
}

@article{niranjanamurthy2014research,
  title={Research Study on Web Application Testing using Selenium Testing Framework},
  author={Niranjanamurthy, M and Arun Kumar, R and Sahana Srinivas, Manoj RK},
  journal={International Journal of Computer Science and Mobile Computing},
  volume={3},
  number={10},
  pages={121--126},
  year={2014}
}

@article{hackinger2018datagorri,
  title={DataGorri: a tool for automated data collection of tabular web content},
  author={Hackinger, Julian},
  journal={NETNOMICS: Economic Research and Electronic Networking},
  volume={19},
  number={1},
  pages={31--41},
  year={2018},
  publisher={Springer}
}

@misc{typescript2022,
    title={TypeScript},
    url={https://www.typescriptlang.org/},
    year={2022}
}

@misc{w3c2022webdriver,
    title={WebDriver. Working draft},
    url={https://www.w3.org/TR/webdriver/},
    author={W3C},
    year={2022}
}

@misc{dataminer2022,
    title={DataMiner}, 
    url={https://data-miner.io/}, 
    year={2022}
}

@misc{octoparse2022,
    title={Octoparse}, 
    url={https://www.octoparse.com},
    year={2022}
}

@article{boettcher2015automatic,
  title={Automatic data collection on the internet (web scraping)},
  author={Boettcher, Ingolf},
  journal={Statistics Austria},
  year={2015}
}